@inproceedings{8918913,
 author = {Cohen-Hadria, Alice and Cartwright, Mark and McFee, Brian and Bello, Juan Pablo},
 booktitle = {2019 IEEE 29th International Workshop on Machine Learning for Signal Processing (MLSP)},
 doi = {10.1109/MLSP.2019.8918913},
 number = {},
 pages = {1-6},
 title = {Voice Anonymization in Urban Sound Recordings},
 volume = {},
 year = {2019}
}

@inproceedings{brasser18_interspeech,
 author = {Ferdinand Brasser and Tommaso Frassetto and Korbinian Riedhammer and Ahmad-Reza Sadeghi and Thomas Schneider and Christian Weinert},
 booktitle = {Proc. Interspeech 2018},
 doi = {10.21437/Interspeech.2018-2032},
 pages = {1303--1307},
 title = {{VoiceGuard: Secure and Private Speech Processing}},
 year = {2018}
}

@inproceedings{7472729,
 author = {Kei Hashimoto and
Junichi Yamagishi and
Isao Echizen},
 bibsource = {dblp computer science bibliography, https://dblp.org},
 biburl = {https://dblp.org/rec/conf/icassp/HashimotoYE16.bib},
 booktitle = {2016 {IEEE} International Conference on Acoustics, Speech and Signal
Processing, {ICASSP} 2016, Shanghai, China, March 20-25, 2016},
 doi = {10.1109/ICASSP.2016.7472729},
 pages = {5500--5504},
 publisher = {{IEEE}},
 timestamp = {Fri, 19 May 2017 01:00:00 +0200},
 title = {Privacy-preserving sound to degrade automatic speaker verification
performance},
 url = {https://doi.org/10.1109/ICASSP.2016.7472729},
 year = {2016}
}

@misc{qian2017voicemask,
 archiveprefix = {arXiv},
 author = {Jianwei Qian and Haohua Du and Jiahui Hou and Linlin Chen and Taeho Jung and Xiang-Yang Li and Yu Wang and Yanbo Deng},
 eprint = {1711.11460},
 primaryclass = {cs.CR},
 title = {VoiceMask: Anonymize and Sanitize Voice Input on Mobile Devices},
 year = {2017}
}

@misc{fang2019speaker,
 archiveprefix = {arXiv},
 author = {Fuming Fang and Xin Wang and Junichi Yamagishi and Isao Echizen and Massimiliano Todisco and Nicholas Evans and Jean-Francois Bonastre},
 eprint = {1905.13561},
 primaryclass = {eess.AS},
 title = {Speaker Anonymization Using X-vector and Neural Waveform Models},
 year = {2019}
}

@inproceedings{qian2019autovc,
 author = {Kaizhi Qian and
Yang Zhang and
Shiyu Chang and
Xuesong Yang and
Mark Hasegawa{-}Johnson},
 bibsource = {dblp computer science bibliography, https://dblp.org},
 biburl = {https://dblp.org/rec/conf/icml/QianZCYH19.bib},
 booktitle = {Proceedings of the 36th International Conference on Machine Learning,
{ICML} 2019, 9-15 June 2019, Long Beach, California, {USA}},
 editor = {Kamalika Chaudhuri and
Ruslan Salakhutdinov},
 pages = {5210--5219},
 publisher = {{PMLR}},
 series = {Proceedings of Machine Learning Research},
 timestamp = {Tue, 11 Jun 2019 01:00:00 +0200},
 title = {AutoVC: Zero-Shot Voice Style Transfer with Only Autoencoder Loss},
 url = {http://proceedings.mlr.press/v97/qian19c.html},
 volume = {97},
 year = {2019}
}

@inproceedings{speakerencoder,
 author = {Li Wan and
Quan Wang and
Alan Papir and
Ignacio Lopez{-}Moreno},
 bibsource = {dblp computer science bibliography, https://dblp.org},
 biburl = {https://dblp.org/rec/conf/icassp/WanWPL18.bib},
 booktitle = {2018 {IEEE} International Conference on Acoustics, Speech and Signal
Processing, {ICASSP} 2018, Calgary, AB, Canada, April 15-20, 2018},
 doi = {10.1109/ICASSP.2018.8462665},
 pages = {4879--4883},
 publisher = {{IEEE}},
 timestamp = {Tue, 18 Sep 2018 01:00:00 +0200},
 title = {Generalized End-to-End Loss for Speaker Verification},
 url = {https://doi.org/10.1109/ICASSP.2018.8462665},
 year = {2018}
}

@inproceedings{watanabe2018espnet,
 author = {Shinji Watanabe and Takaaki Hori and Shigeki Karita and Tomoki Hayashi and Jiro Nishitoba and Yuya Unno and Nelson {Enrique Yalta Soplin} and Jahn Heymann and Matthew Wiesner and Nanxin Chen and Adithya Renduchintala and Tsubasa Ochiai},
 booktitle = {Proceedings of Interspeech},
 doi = {10.21437/Interspeech.2018-1456},
 pages = {2207--2211},
 title = {{ESPnet}: End-to-End Speech Processing Toolkit},
 url = {http://dx.doi.org/10.21437/Interspeech.2018-1456},
 year = {2018}
}

@misc{speechbrain,
 author = {Mirco Ravanelli and Titouan Parcollet and Peter Plantinga and Aku Rouhe and Samuele Cornell and Loren Lugosch and Cem Subakan and Nauman Dawalatabad and Abdelwahab Heba and Jianyuan Zhong and Ju-Chieh Chou and Sung-Lin Yeh and Szu-Wei Fu and Chien-Feng Liao and Elena Rastorgueva and Fran√ßois Grondin and William Aris and Hwidong Na and Yan Gao and Renato De Mori and Yoshua Bengio},
 journal = {ArXiv preprint},
 title = {{SpeechBrain}: A General-Purpose Speech Toolkit},
 url = {https://arxiv.org/abs/2106.04624},
 volume = {abs/2106.04624},
 year = {2021}
}

@inproceedings{hifigan,
 author = {Jungil Kong and
Jaehyeon Kim and
Jaekyoung Bae},
 bibsource = {dblp computer science bibliography, https://dblp.org},
 biburl = {https://dblp.org/rec/conf/nips/KongKB20.bib},
 booktitle = {Advances in Neural Information Processing Systems 33: Annual Conference
on Neural Information Processing Systems 2020, NeurIPS 2020, December
6-12, 2020, virtual},
 editor = {Hugo Larochelle and
Marc'Aurelio Ranzato and
Raia Hadsell and
Maria{-}Florina Balcan and
Hsuan{-}Tien Lin},
 timestamp = {Tue, 19 Jan 2021 00:00:00 +0100},
 title = {HiFi-GAN: Generative Adversarial Networks for Efficient and High Fidelity
Speech Synthesis},
 url = {},
 year = {2020}
}

@misc{wsj0,
 author = {John S. Garofolo and David Graff and Doug Paul and David Pallett},
 location = {Philadelphia},
 publisher = {Linguistic Data Consortium},
 title = {{CSR-I (WSJ0) Complete LDC93S6A}},
 year = {1993}
}

@misc{wsj1,
 author = {{Linguistic Data Consortium, NIST Multimodal Information Group}},
 location = {Philadelphia},
 publisher = {Linguistic Data Consortium},
 title = {{CSR-II (WSJ1) Complete LDC94S13A}},
 year = {1994}
}

@article{zhao2016loss,
 author = {Zhao, Hang and Gallo, Orazio and Frosio, Iuri and Kautz, Jan},
 journal = {IEEE Transactions on computational imaging},
 number = {1},
 pages = {47--57},
 publisher = {IEEE},
 title = {Loss functions for image restoration with neural networks},
 volume = {3},
 year = {2016}
}

@inproceedings{feng2018wing,
 author = {Zhen{-}Hua Feng and
Josef Kittler and
Muhammad Awais and
Patrik Huber and
Xiao{-}Jun Wu},
 bibsource = {dblp computer science bibliography, https://dblp.org},
 biburl = {https://dblp.org/rec/conf/cvpr/FengKA0W18.bib},
 booktitle = {2018 {IEEE} Conference on Computer Vision and Pattern Recognition,
{CVPR} 2018, Salt Lake City, UT, USA, June 18-22, 2018},
 doi = {10.1109/CVPR.2018.00238},
 pages = {2235--2245},
 publisher = {{IEEE} Computer Society},
 timestamp = {Sat, 29 Aug 2020 01:00:00 +0200},
 title = {Wing Loss for Robust Facial Landmark Localisation With Convolutional
Neural Networks},
 url = {},
 year = {2018}
}

@article{wang2009mean,
 author = {Wang, Zhou and Bovik, Alan C},
 journal = {IEEE signal processing magazine},
 number = {1},
 pages = {98--117},
 publisher = {IEEE},
 title = {Mean squared error: Love it or leave it? A new look at signal fidelity measures},
 volume = {26},
 year = {2009}
}

@inproceedings{kingma2013auto,
 author = {Diederik P. Kingma and
Max Welling},
 bibsource = {dblp computer science bibliography, https://dblp.org},
 biburl = {https://dblp.org/rec/journals/corr/KingmaW13.bib},
 booktitle = {2nd International Conference on Learning Representations, {ICLR} 2014,
Banff, AB, Canada, April 14-16, 2014, Conference Track Proceedings},
 editor = {Yoshua Bengio and
Yann LeCun},
 timestamp = {Fri, 29 Mar 2019 00:00:00 +0100},
 title = {Auto-Encoding Variational Bayes},
 url = {http://arxiv.org/abs/1312.6114},
 year = {2014}
}

@article{oord2016wavenet,
 author = {Oord, Aaron van den and Dieleman, Sander and Zen, Heiga and Simonyan, Karen and Vinyals, Oriol and Graves, Alex and Kalchbrenner, Nal and Senior, Andrew and Kavukcuoglu, Koray},
 journal = {ArXiv preprint},
 title = {Wavenet: A generative model for raw audio},
 url = {https://arxiv.org/abs/1609.03499},
 volume = {abs/1609.03499},
 year = {2016}
}

@article{yamagishi2019cstr,
 author = {Yamagishi, Junichi and Veaux, Christophe and MacDonald, Kirsten and others},
 publisher = {University of Edinburgh. The Centre for Speech Technology Research (CSTR)},
 title = {Cstr vctk corpus: English multi-speaker corpus for cstr voice cloning toolkit (version 0.92)},
 year = {2019}
}

@inproceedings{variani2014deep,
 author = {Variani, Ehsan and Lei, Xin and McDermott, Erik and Moreno, Ignacio Lopez and Gonzalez-Dominguez, Javier},
 booktitle = {2014 IEEE international conference on acoustics, speech and signal processing (ICASSP)},
 organization = {IEEE},
 pages = {4052--4056},
 title = {Deep neural networks for small footprint text-dependent speaker verification},
 year = {2014}
}

@inproceedings{panayotov2015librispeech,
 author = {Vassil Panayotov and
Guoguo Chen and
Daniel Povey and
Sanjeev Khudanpur},
 bibsource = {dblp computer science bibliography, https://dblp.org},
 biburl = {https://dblp.org/rec/conf/icassp/PanayotovCPK15.bib},
 booktitle = {2015 {IEEE} International Conference on Acoustics, Speech and Signal
Processing, {ICASSP} 2015, South Brisbane, Queensland, Australia,
April 19-24, 2015},
 doi = {10.1109/ICASSP.2015.7178964},
 pages = {5206--5210},
 publisher = {{IEEE}},
 timestamp = {Fri, 25 Dec 2020 00:00:00 +0100},
 title = {Librispeech: An {ASR} corpus based on public domain audio books},
 url = {https://doi.org/10.1109/ICASSP.2015.7178964},
 year = {2015}
}

@article{nagrani2020voxceleb,
 author = {Nagrani, Arsha and Chung, Joon Son and Xie, Weidi and Zisserman, Andrew},
 journal = {Computer Speech \& Language},
 pages = {101027},
 publisher = {Elsevier},
 title = {Voxceleb: Large-scale speaker verification in the wild},
 volume = {60},
 year = {2020}
}

@article{desplanques2020ecapa,
 author = {Desplanques, Brecht and Thienpondt, Jenthe and Demuynck, Kris},
 journal = {ArXiv preprint},
 title = {Ecapa-tdnn: Emphasized channel attention, propagation and aggregation in tdnn based speaker verification},
 url = {https://arxiv.org/abs/2005.07143},
 volume = {abs/2005.07143},
 year = {2020}
}

@article{zhang2019vae,
 author = {Zhang, Yang and Li, Lantian and Wang, Dong},
 journal = {ArXiv preprint},
 title = {VAE-based regularization for deep speaker embedding},
 url = {https://arxiv.org/abs/1904.03617},
 volume = {abs/1904.03617},
 year = {2019}
}

@inproceedings{wang2019vae,
 author = {Wang, Xueyi and Li, Lantian and Wang, Dong},
 booktitle = {2019 Asia-Pacific Signal and Information Processing Association Annual Summit and Conference (APSIPA ASC)},
 organization = {IEEE},
 pages = {535--539},
 title = {VAE-based domain adaptation for speaker verification},
 year = {2019}
}

@inproceedings{han2020voice,
 author = {Han, Yaowei and Li, Sheng and Cao, Yang and Ma, Qiang and Yoshikawa, Masatoshi},
 booktitle = {2020 IEEE International Conference on Multimedia and Expo (ICME)},
 organization = {IEEE},
 pages = {1--6},
 title = {Voice-indistinguishability: Protecting voiceprint in privacy-preserving speech data release},
 year = {2020}
}

@article{srivastava2020design,
 author = {Srivastava, Brij Mohan Lal and Tomashenko, Natalia and Wang, Xin and Vincent, Emmanuel and Yamagishi, Junichi and Maouche, Mohamed and Bellet, Aur{\'e}lien and Tommasi, Marc},
 journal = {ArXiv preprint},
 title = {Design choices for x-vector based speaker anonymization},
 url = {https://arxiv.org/abs/2005.08601},
 volume = {abs/2005.08601},
 year = {2020}
}

@inproceedings{srivastava2020evaluating,
 author = {Brij Mohan Lal Srivastava and
Nathalie Vauquier and
Md. Sahidullah and
Aur{\'{e}}lien Bellet and
Marc Tommasi and
Emmanuel Vincent},
 bibsource = {dblp computer science bibliography, https://dblp.org},
 biburl = {https://dblp.org/rec/conf/icassp/SrivastavaVSBTV20.bib},
 booktitle = {2020 {IEEE} International Conference on Acoustics, Speech and Signal
Processing, {ICASSP} 2020, Barcelona, Spain, May 4-8, 2020},
 doi = {10.1109/ICASSP40776.2020.9053868},
 pages = {2802--2806},
 publisher = {{IEEE}},
 timestamp = {Fri, 18 Sep 2020 01:00:00 +0200},
 title = {Evaluating Voice Conversion-Based Privacy Protection against Informed
Attackers},
 url = {https://doi.org/10.1109/ICASSP40776.2020.9053868},
 year = {2020}
}

@inproceedings{kinnunen2012vulnerability,
  title={Vulnerability of speaker verification systems against voice conversion spoofing attacks: The case of telephone speech},
  author={Kinnunen, Tomi and Wu, Zhi-Zheng and Lee, Kong Aik and Sedlak, Filip and Chng, Eng Siong and Li, Haizhou},
  booktitle={2012 IEEE International Conference on Acoustics, Speech and Signal Processing (ICASSP)},
  pages={4401--4404},
  year={2012},
  organization={IEEE}
}

@article{tomashenko2022voiceprivacy,
  title={The VoicePrivacy 2020 Challenge: Results and findings},
  author={Tomashenko, Natalia and Wang, Xin and Vincent, Emmanuel and Patino, Jose and Srivastava, Brij Mohan Lal and No{\'e}, Paul-Gauthier and Nautsch, Andreas and Evans, Nicholas and Yamagishi, Junichi and O‚ÄôBrien, Benjamin and others},
  journal={Computer Speech \& Language},
  volume={74},
  pages={101362},
  year={2022},
  publisher={Elsevier}
}

@article{tomashenko2020introducing,
  title={Introducing the VoicePrivacy initiative},
  author={Tomashenko, Natalia and Srivastava, Brij Mohan Lal and Wang, Xin and Vincent, Emmanuel and Nautsch, Andreas and Yamagishi, Junichi and Evans, Nicholas and Patino, Jose and Bonastre, Jean-Fran{\c{c}}ois and No{\'e}, Paul-Gauthier and others},
  journal={arXiv preprint arXiv:2005.01387},
  year={2020}
}